@unpublished{steels:course,
    author={Luc Steels},
    title={Fluid Construction Grammar},
    institution = {Sony Computer Science Laboratory, Paris, France, Vrije Universiteit Brussel, Belgium},
    note = {Ellezelles Course Notes (draft version)},
    year = {2008}
}

@TECHREPORT{steels:hierarchy,
    author = {Joachim {De Beule} and Luc Steels},
    title = {Hierarchy in Fluid Construction Grammars},
    institution = {Vrije Universiteit Brussel, Belgium, Sony Computer Science Laboratory, Paris, France},
    year = {2005}
}

@TECHREPORT{steels:linking,
    author = {Luc Steels and Joachim {De Beule} and Nicolas Neubauer},
    title = {Linking in Fluid Construction Grammar},
    institution = {Sony Computer Science Laboratory, Paris, France, Vrije Universiteit Brussel, Belgium},
    year = {2005}
}

@TECHREPORT{steels:unify,
    author = {Luc Steels and Joachim {De Beule}},
    title = {Unify and Merge in Fluid Construction Grammar},
    institution = {Sony Computer Science Laboratory, Paris, France, Vrije Universiteit Brussel, Belgium},
    year = {2006}
}

@BOOK{norvig:ai,
    author = {Peter Norvig},
    title = {Artificial Intelligence Programming - Case Studies in Common Lisp},
    year = {1991},
    publisher = {Morgan Kaufmann Publishers},
    address = {San Francisco, California}
}