
@BOOK{mcluhen:media,
    author = {Marshall McLuhen},
    title = {Să întelegem media},
    year = {2011},
    publisher = {Curtea Veche},
    address = {București, România}
}

@misc{siegel:medium,
 author = {Daniel G. Siegel},
 title = {The lost medium (Presentation)}, 
 year = {2016}
}

@online{roundtable:history,
author = {VR Roundtable},
title = {The History of Virtual Reality (documentary)},
year = {2017},
url = {www.youtube.com/watch?v=4BOwLCoBqCs},
}


@misc{engelbart:demo,
 author = {Douglas Engelbart},
 title = {The Mother of All Demos (Presentation)}, 
 year = {1968}
}

@online{jaquith:interfaces,
author = {Todd Jaquith},
title = {The evolution of brain-computer-interfaces (Infografic)},
year = {2017},
publisher = {www.futurism.com},
url = {https://futurism.com/images/the-evolution-of-brain-computer-interfaces-infographic/}
}

@misc{Reedy:minds,
 author = {Christianna Reedy},
 title = {When Will Virtual Reality Be Able to Connect Directly to Our Minds? (Articol de știri)}, 
 publisher = {www.futurism.com},
 year = {2017}
}

@article{Geddes:brain,
 author = {Linda Geddes},
 title = {Human brain mapped in unprecedented detail},
 journal = {Nature News},
 year = {2016},
 publisher = {Nature Publishing Group}
 }
 
 @manual{epic:scriptig,
 author = {Epic Games, Inc.},
 title = {Blueprints Visual Scripting},
 year = {2004-2017}
 }
 
 @manual{epic:programming,
 author = {Epic Games, Inc.},
 title = {Programming Guide},
 year = {2004-2017}
 }
 
 @manual{epic:manual,
 author = {Epic Games, Inc.},
 title = {Unreal Editor Manual},
 year = {2004-2017}
 }
 
 @manual{massol:manual,
 author = {XWiki SAS},
 title = {The XWiki RESTful API},
 year = {2009-2017}
 }